@Article{Richardson2014,
author="Richardson, Jeff
and Iezzi, Angelo
and Khan, Munir A.
and Maxwell, Aimee",
title="Validity and Reliability of the Assessment of Quality of Life (AQoL)-8D Multi-Attribute Utility Instrument",
journal="The Patient - Patient-Centered Outcomes Research",
year="2014",
month="Mar",
day="01",
volume="7",
number="1",
pages="85--96",
abstract="The purpose of this paper was to report tests of the validity and reliability of a new instrument, the Assessment of Quality of Life (AQoL)-8D, which was constructed to improve the evaluation of health services that have an impact upon the psychosocial aspects of the quality of life.",
issn="1178-1661",
doi="10.1007/s40271-013-0036-x",
url="https://doi.org/10.1007/s40271-013-0036-x"
}

