@Article{Mukuria2019,
author="Mukuria, Clara
and Rowen, Donna
and Harnan, Sue
and Rawdin, Andrew
and Wong, Ruth
and Ara, Roberta
and Brazier, John",
title="An Updated Systematic Review of Studies Mapping (or Cross-Walking) Measures of Health-Related Quality of Life to Generic Preference-Based Measures to Generate Utility Values",
journal="Applied Health Economics and Health Policy",
year="2019",
month="Jun",
day="01",
volume="17",
number="3",
pages="295--313",
abstract="Mapping is an increasingly common method used to predict instrument-specific preference-based health-state utility values (HSUVs) from data obtained from another health-related quality of life (HRQoL) measure. There have been several methodological developments in this area since a previous review up to 2007.",
issn="1179-1896",
doi="10.1007/s40258-019-00467-6",
url="https://doi.org/10.1007/s40258-019-00467-6"
}

